@book{davenport:ProcessInnovation,
    author = {Davenport, Thomas H.},
    title={Process Innovation - Reengineering Work throught Information Technology},
    publisher={Harvard Business School Press},
    yesr = {1992}
}

@online{site:agile-manifesto,
    title   = {Manifesto Agile},
    url     = {http://agilemanifesto.org/iso/it/}
}
